@article{haimo2023MaskedPanGenie,
  title={Effects of Spaced Seeds on Alignment-Free Genotyping with PanGenie},
  author={Hartmut Häntze and Paul Horton},
  journal={Bioinformatics},
  volume={},
  number={},
  pages={},
  year={2023},
  note={},
  publisher={},
}

@article{garyMaskedPanGenie,
  author ={Yi-Tsung Cheng and Paul Horton} ,
  title ={Accelerating Genotyping—Resolving the
computational bottleneck of MaskedPanGenie} ,
  journal = {},
  year = {2023}
}

@article{SpEED,
  title={SpEED: fast computation of sensitive spaced seeds},
  author={Lucian Ilie and Silvana Ilie and Mansouri Bigvand Anahita},
  journal={Bioinformatics},
  volume = {27},
  number = {17},
  pages = {2433-2434},
  year = {2011},
  publisher={Oxford Academic}
}

@article{Rasbhari,
  title={rasbhari: Optimizing Spaced Seeds for Database Searching, Read Mapping and Alignment-Free Sequence Comparison},
  author = {Hahn, Lars and Leimeister, Chris-Andre and Ounit, Rachid and Lonardi, Stefano and Morgenstern, Burkhard},
  journal={PLoS Computational Biology},
  volume={12},
  number={},
  pages={e1005107},
  year={2016},
  publisher={Springer}
}

@article{Blast,
  title={Basic local alignment search tool},
  author={Stephen F. Altschul and Warren Gish and Webb Miller and Eugene W. Myers and David J. Lipman},
  journal={Journal of Molecular Biology},
  volume = {215},
  number = {3},
  pages = {403-410},
  year = {1990},
  publisher={ScienceDirect}
}

@article{surveyK-mer,
    author = {Camille et al.},
    title = {A survey of k-mer methods and applications in bioinformatics},
    journal = {Computational and Structural Biotechnology Journal},
    year = {2024},
    pages = {2289-2303}
}

@article{Alignment-freeKmers,
    author = {Susana Vinga},
    title = {Alignment-free methods in computational biology},
    journal ={Briefings in Bioinformatics} ,
    year = {2014},
    pages = {341-342}
}

@article{Jellyfish,
  title={A fast, lock-free approach for efficient parallel counting of occurrences of k-mers},
  author={Marçais, Guillaume and Kingsford, Carl},
  journal={Bioinformatics},
  volume={27},
  number={6},
  pages={764-770},
  year={2011},
  publisher={Oxford Academic}
}

@article{CGAL,
    author = {Atif Rahman and Lior Pachter},
    title = {CGAL: computing genome assembly likelihoods},
    journal = {Genome Biology},
    year = {2013}
}

@article{elber2022PanGenie,
  title={Pangenome-based genome inference allows efficient and accurate genotyping across a wide spectrum of variant classes},
  author={Jana Ebler et al.},
  journal={Nature genetics},
  volume={54},
  number={4},
  pages={518-525},
  year={2022},
  publisher={nature genetics}
}

@article{SensSpacedSeed,
  title={Sensitivity analysis and efficient method for identifying
optimal spaced seeds},
  author={Kwok Pui Choi and Louxin Zhang},
  journal={Journal of Computer and System Sciences},
  pages={22-40},
  year={2004}
}

@article{sensDP,
  title={On Spaced Seeds for Similarity Search},
  author={Keich, Uri and Li, Ming and Ma, Bin and Tromp, John},
  journal={Discrete Appl. Math.},
  volume={138},
  number={3},
  pages={253–263},
  year={2004},
  publisher={Elsevier Science Publishers B. V.}
}

@article{GIAB,
    author = {Justin M. Zook and David Catoe and Jennifer McDaniel and Lindsay Vang and Noah Spies and Arend Sidow and Ziming Weng},
    title = {Extensive sequencing of seven human genomes to characterize benchmark reference materials},
    journal = {Scientific Data},
    year = {2016}
}

@article{1000Genomes,
    author = {Marta Byrska-Bishop and Uday S Evani and Xuefang Zhao and Anna O Basile and Haley J Abel and Allison A Regier and André Corvelo},
    title = {High-coverage whole-genome sequencing of the expanded 1000 Genomes Project cohort including 602 trios},
    journal = {Cell},
    year = {2021} 
}

@article{HGSVC,
    author = {Peter Ebert and Peter A Audano and Qihui Zhu and Bernardo Rodriguez-Martin and David Porubsky and Marc Jan Bonder},
    title = {Haplotype-resolved diverse human genomes and integrated analysis of structural variation},
    journal = {Science},
    number = {372},
    year = {2021}
}

@article{BWAMEM,
    author = {Heng Li},
    title = {Aligning sequence reads, clone sequences and assembly contigs with BWA-MEM},
    journal = {arXiv preprint arXiv},
    year = {2013}
}

@article{FSH,
  title={FSH: fast spaced seed hashing exploiting adjacent hashes},
  author={Samuele Girotto et al.},
  journal={Algorithms Mol Biol},
  volume={13},
  number={8},
  year={2018},
  publisher={BMC}
}

@article{BestHitsOf11101,
    author = {Laurent Noé},
    title = {Best hits of 11110110111: model-free
selection and parameter‑free sensitivity
calculation of spaced seeds},
    journal = {Algorithms Mol Biology},
    year = {2017}
}

@article{DSK,
    author = {Guillaume Rizk and Dominique Lavenier and Rayan Chikhi},
    title = {DSK: k-mer counting with very low memory usage},
    journal = {Bioinformatics},
    volume = {29},
    pages = {652-653},
    year = {2013}
}

@article{ChoiGoodSeed,
    author = {Kwok Pui Choi and Fanfan Zeng and Louxin Zhang},
    title = {Good spaced seeds for homology search},
    journal = {Bioinformatics},
    volume = {20},
    pages = {1053-1059},
    year = {2004}
}

@article{SubsetSeeds,
    author = {Mikhail Roytberg and Anna Gambin and  Laurent Noé and Slawomir Lasota and Eugenia Furletova and Ewa Szczurek and Gregory Kucherov},
    title = {On Subset Seeds for Protein Alignment},
    journal = {IEEE/ACM Transactions on Computational Biology and Bioinformatics},
    Volume = {6},
    number = {3},
    year = {2009}
}

@article{FastHMM,
    author = {Enliang Li and Subho S. Banerjee and Sitao Huang and Ravishankar K. Iyer and Deming Chen} ,
    title = {Improved GPU Implementations of the Pair-HMM Forward Algorithm for DNA Sequence Alignment},
    journal = {IEEE},
    year = {2021}
}